<?xml version="1.0" encoding="UTF-8"?><collection xmlns="http://www.loc.gov/MARC21/slim"><record><leader>00612nam--2200193-u-4500</leader><controlfield tag="001">000054258</controlfield><controlfield tag="002">20161230</controlfield><controlfield tag="005">20170102211336</controlfield><controlfield tag="008">111101s1000------------r-----000-0-rum-d</controlfield><datafield ind1=" " ind2=" " tag="040"><subfield code="a">IFIN-HH</subfield></datafield><datafield ind1=" " ind2=" " tag="041"><subfield code="a">rum</subfield></datafield><datafield ind1=" " ind2=" " tag="080"><subfield code="a">539.1.074.22(043)</subfield></datafield><datafield ind1="1" ind2=" " tag="100"><subfield code="a">Calin, Marian Romeo</subfield></datafield><datafield ind1="1" ind2="0" tag="245"><subfield code="a">Noi tipuri de detectoare de radiatii nucleare tip camera de ionizare pentru aplicatii</subfield><subfield code="b">Teza</subfield><subfield code="c">Marian Romeo Calin</subfield></datafield><datafield ind1=" " ind2=" " tag="260"><subfield code="a">Bucuresti</subfield><subfield code="b">Institutul De Fizica Atomica</subfield><subfield code="c">1999</subfield></datafield><datafield ind1=" " ind2=" " tag="300"><subfield code="a">157 p</subfield></datafield><datafield ind1=" " ind2=" " tag="502"><subfield code="a">Conducator Stiintific: Dr. Nicolae Valcov</subfield></datafield><datafield ind1=" " ind2=" " tag="852"><subfield code="a">81099</subfield><subfield code="c">539.1.07:539.1.08</subfield></datafield><datafield ind1=" " ind2=" " tag="CAT"><subfield code="a">SYS</subfield><subfield code="c">20170102</subfield><subfield code="h">211336</subfield></datafield></record></collection>